@article{kadison1959,
	Author = {Kadison, R. V. and Singer, I. M.},
	Date-Modified = {2014-06-30 18:43:47 +0100},
	Journal = {Amer. J. Math.},
	Pages = {383-400},
	Title = {Extensions of pure states},
	Volume = {81},
	Year = {1959}}

@article{anderson1981,
	Author = {Anderson, J.},
	Date-Modified = {2014-06-30 18:39:55 +0100},
	Journal = {Topics in Modern Operator Theory},
	Pages = {27-43},
	Title = {A conjecture concerning the pure states of $B(H)$ and a related theorem},
	Year = {1981}}

@article{anderson1979,
	Author = {Anderson, J.},
	Date-Modified = {2014-06-30 18:39:40 +0100},
	Journal = {J. Funct. Anal.},
	Pages = {195-217},
	Title = {Extreme points in sets of positive linear maps on $B(H)$},
	Volume = {31},
	Year = {1979}}
